:20:00103431-0001
:25:CCRALULL/LU860099780001034313
:28C:063/0001
:60F:C230921EUR000000106527,76
:61:2309210921CR000000000021,64N208NONREF//FT232640FZFW
:86:208
?00BONIFICATION
?20BONIFICATION
?2111.9.2023 4863
?22FT232640FZFW
?30CCRALULLXXX
?32TOSSENG CHRISTIANE MARIE BA
?33RBE
?60TOSSENG CHRISTIANE MARIE BARBE
?6123, RUE DR. PEFFER
?62L-2319 HOWALD
:61:2309200921CR000000000145,29N238NONREF//SP23264203530617
:86:238
?00BONIFICATION
?20BONIFICATION
?21PR-4542 +4618 +4684 8. 5. + 22. 5.
?22+ 5. 6. 2023
?23SP23264203530617521796.01
?30BCEELULL
?32SCHOCKMEL-LEIBECK CHRISTEL
?60SCHOCKMEL-LEIBECK CHRISTEL
?617 RUE LETSCHHECK
?62L -3393 ROEDGEN
?63LU
:61:2309210921CR000000000191,92N238NONREF//SP23264203530229
:86:238
?00BONIFICATION
?20BONIFICATION
?21VIREMENT DE M BOEUF OWENS
?22SP23264203530229537900.08
?30CEPAFRPP751
?32M BOEUF OWENS
?60M BOEUF OWENS
?61 317 RUE DE LA GARENNE
?62 92000 NANTERRE
?63FR
:62F:C230921EUR000000106886,61
