:20:00103431-0001
:25:CCRALULL/LU860099780001034313
:28C:071/0001
:60F:C231009EUR000000094977,03
:61:2310091009CR000000000048,28N238NONREF//SP23282203710643
:86:238
?00BONIFICATION
?20BONIFICATION
?21PR-4883
?22SP23282203710643359268.06
?30BCEELULL
?32SCHOCKMEL-LEIBECK CHRISTEL
?60SCHOCKMEL-LEIBECK CHRISTEL
?617 RUE LETSCHHECK
?62L -3393 ROEDGEN
?63LU
:62F:C231009EUR000000095025,31
